
@inproceedings{Hakak2017Emotion,
  title={Emotion analysis: A survey},
  author={Hakak, Nida Manzoor and Mohd, Mohsin and Kirmani, Mahira and Mohd, Mudasir},
  booktitle={International Conference on Computer},
  year={2017},
}

@book{Banerjee2015Detection,
  title={Detection of Emotions in Text: A Survey},
  author={Banerjee, Shyamol and Dutta, Unmukh},
  booktitle={International Journal of Advanced Engineering and Global Technology},
  year={2015},
  volume={03},
  issue={12}
}

@InProceedings{SemEval2019Task3,
  author = {Chatterjee, Ankush and Narahari, Kedhar Nath and Joshi, Meghana and Agrawal, Puneet},
  title = {SemEval-2019 Task 3: EmoContext: Contextual Emotion Detection in Text},
  booktitle = {Proceedings of The 13th International Workshop on Semantic Evaluation (SemEval-2019)},
  address = { Minneapolis, Minnesota}, year = {2019}
}

@inproceedings{van2018semeval,
  title={Semeval-2018 task 3: Irony detection in english tweets},
  author={Van Hee, Cynthia and Lefever, Els and Hoste, V{\'e}ronique},
  booktitle={Proceedings of The 12th International Workshop on Semantic Evaluation (SemEval-2018)},
  pages={39--50},
  year={2018}
}

@inproceedings{pontiki2014semeval,
  title={Semeval-2014 task 4: Aspect based sentiment analysis},
  author={Pontiki, Maria and Galanis, Dimitris and Pavlopoulos, John and Papageorgiou, Harris and Androutsopoulos, Ion and Manandhar, Suresh},
  booktitle={Proceedings of The 8th International Workshop on Semantic Evaluation (SemEval-2014)},
  pages={27–35},
  year={2014}
}

Maria Pontiki, Dimitris Galanis, John Pavlopoulos, Harris Papageorgiou, Ion Androutsopoulos, and Suresh
Manandhar. 2014. . In Proceedings of the
8th international workshop on semantic evaluation
(SemEval 2014), pages .

@inproceedings{Alm2005Emotions,
  title={Emotions from Text: Machine Learning for Text-based Emotion Prediction},
  author={Alm, Cecilia Ovesdotter and Dan, Roth and Sproat, Richard},
  booktitle={Conference on Hlt/emnlp},
  year={2005},
}


@article{Ekman1992An,
  title={An argument for basic emotions},
  author={Ekman, Paul},
  journal={Cognition $\&$ Emotion},
  volume={6},
  number={3-4},
  pages={169-200},
  year={1992},
}

@article{Plutchik1980Emo,
  title={Emotion: Theory, Research and Experience},
  author={Plutchik, Robert and Kellerman, Henry},
  journal={In Theories of emotion},
  volume={11},
  pages={399},
  year={1980},
}

@article{Russell1980Cir,
  author = {Russell, James},
  year = {1980},
  month = {12},
  pages = {1161-1178},
  title = {A Circumplex Model of Affect},
  volume = {39},
  journal = {Journal of Personality and Social Psychology},
}

@article{Bradley1992Rem,
  author = {M. Bradley, Margaret and Greenwald, Mark and C. Petry, Margaret and J. Lang, Peter},
  year = {1992},
  month = {04},
  pages = {379-90},
  title = {Remembering Pictures: Pleasure and Arousal in Memory},
  volume = {18},
  journal = {Journal of experimental psychology. Learning, memory, and cognition},
}

@article{Watson1985Tow,
  author = {Watson, David and Tellegen, Auke},
  year = {1985},
  month = {10},
  pages = {219-35},
  title = {Toward a Consensual Structure of Mood},
  volume = {98},
  journal = {Psychological bulletin},
}

@article{Rubin2009A,
  title={A comparison of dimensional models of emotion: evidence from emotions, prototypical events, autobiographical memories, and words},
  author={Rubin, David C and Talarico, Jennifer M},
  journal={Memory},
  volume={17},
  number={8},
  pages={802-808},
  year={2009},
}

@article{Mehrabian1996Pleasure,
  title={Pleasure-arousal-dominance: A general framework for describing and measuring individual differences in Temperament},
  author={Mehrabian, Albert},
  journal={Current Psychology},
  volume={14},
  number={4},
  pages={261-292},
  year={1996},
}

@article{Hugo2012A,
  title={A new three-dimensional model for emotions and monoamine neurotransmitters},
  author={Hugo, L\"{o}Vheim},
  journal={Medical Hypotheses},
  volume={78},
  number={2},
  pages={341-348},
  year={2012},
}

@article{Seyeditabari2018Emotion,
  title={Emotion Detection in Text: a Review},
  author={Seyeditabari, Armin and Tabari, Narges and Zadrozny, Wlodek},
  year={2018},
}

@inproceedings{mohammad2018semeval,
  title={Semeval-2018 task 1: Affect in tweets},
  author={Mohammad, Saif and Bravo-Marquez, Felipe and Salameh, Mohammad and Kiritchenko, Svetlana},
  booktitle={Proceedings of The 12th International Workshop on Semantic Evaluation},
  pages={1--17},
  year={2018}
}

@inproceedings{pang2004sentimental,
  title={A sentimental education: Sentiment analysis using subjectivity summarization based on minimum cuts},
  author={Pang, Bo and Lee, Lillian},
  booktitle={Proceedings of the 42nd annual meeting on Association for Computational Linguistics},
  pages={271},
  year={2004},
  organization={Association for Computational Linguistics}
}

@inproceedings{turney2002thumbs,
  title={Thumbs up or thumbs down?: semantic orientation applied to unsupervised classification of reviews},
  author={Turney, Peter D},
  booktitle={Proceedings of the 40th annual meeting on association for computational linguistics},
  pages={417--424},
  year={2002},
  organization={Association for Computational Linguistics}
}

@article{Liu2011Jiyu,
  title={基于统计自然语言的中文评论情感极性分类研究},
  author={刘勰},
  year={2011},
}

@article{li2013constructing,
  title={Constructing Domain-Dependent Sentiment Lexicons Automatically for Sentiment Analysis},
  author={Li, You and Lin, Yuming and Zhang, Jingwei and Cai, Guoyong},
  journal={Information Technology Journal},
  volume={12},
  number={5},
  pages={990--996},
  year={2013},
  publisher={Asian Network for Scientific Information, 308-Lasani Town Faislabad 38090~…}
}

@article{khan2011sentiment,
  title={Sentiment Classification Using Sentence-level Lexical Based},
  author={Khan, Aurangzeb and Baharudin, Baharum and Khan, Khairullah},
  journal={Trends in Applied Sciences Research},
  volume={6},
  number={10},
  pages={1141--1157},
  year={2011}
}

@article{che2015sentence,
  title={Sentence compression for aspect-based sentiment analysis},
  author={Che, Wanxiang and Zhao, Yanyan and Guo, Honglei and Su, Zhong and Liu, Ting},
  journal={IEEE/ACM transactions on audio, speech, and language processing},
  volume={23},
  number={12},
  pages={2111--2124},
  year={2015},
  publisher={IEEE}
}

@inproceedings{wang2016attention,
  title={Attention-based LSTM for aspect-level sentiment classification},
  author={Wang, Yequan and Huang, Minlie and Zhao, Li and others},
  booktitle={Proceedings of the 2016 conference on empirical methods in natural language processing},
  pages={606--615},
  year={2016}
}

@inproceedings{davidov2010semi,
  title={Semi-supervised recognition of sarcastic sentences in twitter and amazon},
  author={Davidov, Dmitry and Tsur, Oren and Rappoport, Ari},
  booktitle={Proceedings of the fourteenth conference on computational natural language learning},
  pages={107--116},
  year={2010},
  organization={Association for Computational Linguistics}
}

@inproceedings{tsur2010icwsm,
  title={ICWSM—a great catchy name: Semi-supervised recognition of sarcastic sentences in online product reviews},
  author={Tsur, Oren and Davidov, Dmitry and Rappoport, Ari},
  booktitle={Fourth International AAAI Conference on Weblogs and Social Media},
  year={2010}
}

@article{reyes2013multidimensional,
  title={A multidimensional approach for detecting irony in twitter},
  author={Reyes, Antonio and Rosso, Paolo and Veale, Tony},
  journal={Language resources and evaluation},
  volume={47},
  number={1},
  pages={239--268},
  year={2013},
  publisher={Springer}
}


@article{kunneman2015signaling,
  title={Signaling sarcasm: From hyperbole to hashtag},
  author={Kunneman, Florian and Liebrecht, Christine and Van Mulken, Margot and Van den Bosch, Antal},
  journal={Information Processing $\&$ Management},
  volume={51},
  number={4},
  pages={500--509},
  year={2015},
  publisher={Elsevier}
}

@article{littlestone1988learning,
  title={Learning quickly when irrelevant attributes abound: A new linear-threshold algorithm},
  author={Littlestone, Nick},
  journal={Machine learning},
  volume={2},
  number={4},
  pages={285--318},
  year={1988},
  publisher={Springer}
}

@article{poria2016deeper,
  title={A deeper look into sarcastic tweets using deep convolutional neural networks},
  author={Poria, Soujanya and Cambria, Erik and Hazarika, Devamanyu and Vij, Prateek},
  journal={arXiv preprint arXiv:1610.08815},
  year={2016}
}

@article{liebrecht2013perfect,
  title={The perfect solution for detecting sarcasm in tweets\# not},
  author={Liebrecht, CC and Kunneman, FA and van Den Bosch, APJ},
  year={2013},
  publisher={New Brunswick, NJ: ACL}
}

@article{Madhusudhanan2018survey,
  title={A survey on sentiment analysis},
  author={S. Madhusudhanan and Dr. M. Moorthi},
  journal={Indian Journal of Computer Science and Engineering},
  year={2018},
  number={2},
  volume={9}
}

@article{paltoglou2012twitter,
  title={Twitter, MySpace, Digg: Unsupervised sentiment analysis in social media},
  author={Paltoglou, Georgios and Thelwall, Mike},
  journal={ACM Transactions on Intelligent Systems and Technology (TIST)},
  volume={3},
  number={4},
  pages={66},
  year={2012},
  publisher={ACM}
}

@article{go2009twitter,
  title={Twitter sentiment analysis},
  author={Go, Alec and Huang, Lei and Bhayani, Richa},
  journal={Entropy},
  volume={17},
  pages={252},
  year={2009}
}

@article{xie2012jiyu,
  title={基于层次结构的多策略中文微博情感分析和特征抽取},
  author={谢丽星 and 周明 and 孙茂松},
  journal={中文信息学报},
  volume={26},
  number={1},
  pages={73--84},
  year={2012},
}

@article{zhang2018jiyu,
  title={基于卷积神经网络的微博舆情情感分类研究},
  author={张海涛 and 王丹 and 徐海玲 and 孙思阳},
  journal={情报学报},
  year={2018},
  volume={37},
  pages={695--702},
}

@inproceedings{angiani2016comparison,
  title={A Comparison between Preprocessing Techniques for Sentiment Analysis in Twitter.},
  author={Angiani, Giulio and Ferrari, Laura and Fontanini, Tomaso and Fornacciari, Paolo and Iotti, Eleonora and Magliani, Federico and Manicardi, Stefano},
  booktitle={KDWeb},
  year={2016}
}

@article{khan2014tom,
  title={TOM: Twitter opinion mining framework using hybrid classification scheme},
  author={Khan, Farhan Hassan and Bashir, Saba and Qamar, Usman},
  journal={Decision Support Systems},
  volume={57},
  pages={245--257},
  year={2014},
  publisher={Elsevier}
}

@inproceedings{tang2015learning,
  title={Learning semantic representations of users and products for document level sentiment classification},
  author={Tang, Duyu and Qin, Bing and Liu, Ting},
  booktitle={Proceedings of the 53rd Annual Meeting of the Association for Computational Linguistics and the 7th International Joint Conference on Natural Language Processing (Volume 1: Long Papers)},
  volume={1},
  pages={1014--1023},
  year={2015}
}

@inproceedings{dos2014deep,
  title={Deep convolutional neural networks for sentiment analysis of short texts},
  author={Dos Santos, Cicero and Gatti, Maira},
  booktitle={Proceedings of COLING 2014, the 25th International Conference on Computational Linguistics: Technical Papers},
  pages={69--78},
  year={2014}
}

@article{tang2016aspect,
  title={Aspect level sentiment classification with deep memory network},
  author={Tang, Duyu and Qin, Bing and Liu, Ting},
  journal={arXiv preprint arXiv:1605.08900},
  year={2016}
}

@article{刘丹丹2015基于,
  title={基于SVM的中文微博情感识别与分类研究},
  author={刘丹丹 and 邱恒清 and 赵应丁},
  journal={中国新通信},
  volume={17},
  number={21},
  pages={48-51},
  year={2015},
}

@article{2015面向微博的中文反语识别研究,
  title={面向微博的中文反语识别研究},
  author={邓钊 and 贾修一 and 陈家骏},
  journal={计算机工程与科学},
  volume={37},
  number={12},
  pages={2312-2317},
  year={2015},
}

@article{Zahiri2017Emotion,
  title={Emotion Detection on TV Show Transcripts with Sequence-based Convolutional Neural Networks},
  author={Zahiri, Sayyed M. and Choi, Jinho D.},
  year={2017},
}

@book{jackson2007natural,
  title={Natural language processing for online applications},
  author={Jackson, Peter and Moulinier, Isabelle},
  year={2007},
  publisher={John Benjamins}
}

@book{mitkov2004oxford,
  title={The Oxford handbook of computational linguistics},
  author={Mitkov, Ruslan},
  year={2004},
  publisher={Oxford University Press}
}

@article{ahmed2009revised,
  title={Revised n-gram based automatic spelling correction tool to improve retrieval effectiveness},
  author={Ahmed, Farag and Luca, Ernesto William De and N{\"u}rnberger, Andreas},
  journal={Polibits},
  number={40},
  pages={39--48},
  year={2009},
  publisher={Instituto Polit{\'e}cnico Nacional, Centro de Innovaci{\'o}n y Desarrollo~…}
}

@article{nejja2015context,
  title={The context in automatic spell correction},
  author={Nejja, Mohammed and Yousfi, Abdellah},
  journal={Procedia Computer Science},
  volume={73},
  pages={109--114},
  year={2015},
  publisher={Elsevier}
}


@InProceedings{baziotis2017semeval2,
  author={Baziotis, Christos  and  Pelekis, Nikos  and  Doulkeridis, Christos},
  title={DataStories at SemEval-2017 Task 4: Deep LSTM with Attention for Message-level and Topic-based Sentiment Analysis},
  booktitle={Proceedings of the 11th International Workshop on Semantic Evaluation (SemEval-2017)},
  month={August},
  year={2017},
  address={Vancouver, Canada},
  publisher={Association for Computational Linguistics},
  pages={747--754}
}

@inproceedings{kouloumpis2011twitter,
  title={Twitter sentiment analysis: The good the bad and the omg!},
  author={Kouloumpis, Efthymios and Wilson, Theresa and Moore, Johanna},
  booktitle={Fifth International AAAI conference on weblogs and social media},
  year={2011}
}

@inproceedings{joshi2015harnessing,
  title={Harnessing context incongruity for sarcasm detection},
  author={Joshi, Aditya and Sharma, Vinita and Bhattacharyya, Pushpak},
  booktitle={Proceedings of the 53rd Annual Meeting of the Association for Computational Linguistics and the 7th International Joint Conference on Natural Language Processing (Volume 2: Short Papers)},
  volume={2},
  pages={757--762},
  year={2015}
}

@article{joshi2017automatic,
  title={Automatic sarcasm detection: A survey},
  author={Joshi, Aditya and Bhattacharyya, Pushpak and Carman, Mark J},
  journal={ACM Computing Surveys (CSUR)},
  volume={50},
  number={5},
  pages={73},
  year={2017},
  publisher={ACM}
}

@article{baziotis2018ntua,
  title={NTUA-SLP at SemEval-2018 Task 3: Tracking Ironic Tweets using Ensembles of Word and Character Level Attentive RNNs},
  author={Baziotis, Christos and Athanasiou, Nikos and Papalampidi, Pinelopi and Kolovou, Athanasia and Paraskevopoulos, Georgios and Ellinas, Nikolaos and Potamianos, Alexandros},
  journal={arXiv preprint arXiv:1804.06659},
  year={2018}
}

@inproceedings{pennington2014glove,
  author = {Jeffrey Pennington and Richard Socher and Christopher D. Manning},
  booktitle = {Empirical Methods in Natural Language Processing (EMNLP)},
  title = {GloVe: Global Vectors for Word Representation},
  year = {2014},
  pages = {1532--1543},
  url = {http://www.aclweb.org/anthology/D14-1162},
}

@article{mikolov2013efficient,
  title={Efficient estimation of word representations in vector space},
  author={Mikolov, Tomas and Chen, Kai and Corrado, Greg and Dean, Jeffrey},
  journal={arXiv preprint arXiv:1301.3781},
  year={2013}
}

@article{deerwester1990indexing,
  title={Indexing by latent semantic analysis},
  author={Deerwester, Scott and Dumais, Susan T and Furnas, George W and Landauer, Thomas K and Harshman, Richard},
  journal={Journal of the American society for information science},
  volume={41},
  number={6},
  pages={391--407},
  year={1990},
  publisher={Wiley Online Library}
}

@inproceedings{drucker1997support,
  title={Support vector regression machines},
  author={Drucker, Harris and Burges, Christopher JC and Kaufman, Linda and Smola, Alex J and Vapnik, Vladimir},
  booktitle={Advances in neural information processing systems},
  pages={155--161},
  year={1997}
}

@article{cortes1995support,
  title={Support-vector networks},
  author={Cortes, Corinna and Vapnik, Vladimir},
  journal={Machine learning},
  volume={20},
  number={3},
  pages={273--297},
  year={1995},
  publisher={Springer}
}

@article{rosenblatt1958perceptron,
  title={The perceptron: a probabilistic model for information storage and organization in the brain.},
  author={Rosenblatt, Frank},
  journal={Psychological review},
  volume={65},
  number={6},
  pages={386},
  year={1958},
  publisher={American Psychological Association}
}

@techreport{rumelhart1985learning,
  title={Learning internal representations by error propagation},
  author={Rumelhart, David E and Hinton, Geoffrey E and Williams, Ronald J},
  year={1985},
  institution={California Univ San Diego La Jolla Inst for Cognitive Science}
}

@article{hinton2006fast,
  title={A fast learning algorithm for deep belief nets},
  author={Hinton, Geoffrey E and Osindero, Simon and Teh, Yee-Whye},
  journal={Neural computation},
  volume={18},
  number={7},
  pages={1527--1554},
  year={2006},
  publisher={MIT Press}
}

@article{basheer2000artificial,
  title={Artificial neural networks: fundamentals, computing, design, and application},
  author={Basheer, Imad A and Hajmeer, Maha},
  journal={Journal of microbiological methods},
  volume={43},
  number={1},
  pages={3--31},
  year={2000},
  publisher={Elsevier}
}

@article{hubel1959receptive,
  title={Receptive fields of single neurones in the cat's striate cortex},
  author={Hubel, David H and Wiesel, Torsten N},
  journal={The Journal of physiology},
  volume={148},
  number={3},
  pages={574--591},
  year={1959},
  publisher={Wiley Online Library}
}

@article{hubel1968receptive,
  title={Receptive fields and functional architecture of monkey striate cortex},
  author={Hubel, David H and Wiesel, Torsten N},
  journal={The Journal of physiology},
  volume={195},
  number={1},
  pages={215--243},
  year={1968},
  publisher={Wiley Online Library}
}

@article{fukushima1980neocognitron,
  title={Neocognitron: A self-organizing neural network model for a mechanism of pattern recognition unaffected by shift in position},
  author={Fukushima, Kunihiko},
  journal={Biological cybernetics},
  volume={36},
  number={4},
  pages={193--202},
  year={1980},
  publisher={Springer}
}

@article{lecun1989backpropagation,
  title={Backpropagation applied to handwritten zip code recognition},
  author={LeCun, Yann and Boser, Bernhard and Denker, John S and Henderson, Donnie and Howard, Richard E and Hubbard, Wayne and Jackel, Lawrence D},
  journal={Neural computation},
  volume={1},
  number={4},
  pages={541--551},
  year={1989},
  publisher={MIT Press}
}

@incollection{lecun1989generalization,
  title={Generalization and network design strategies},
  author={LeCun, Yann and others},
  booktitle={Connectionism in perspective},
  volume={19},
  year={1989},
  publisher={Citeseer}
}

@article{waibel1995phoneme,
  title={Phoneme recognition using time-delay neural networks},
  author={Waibel, Alexander and Hanazawa, Toshiyuki and Hinton, Geoffrey and Shikano, Kiyohiro and Lang, Kevin J},
  journal={Backpropagation: Theory, Architectures and Applications},
  pages={35--61},
  year={1995},
  publisher={Lawrence Erlbaum Assoc. Mahwah, NJ}
}

@inproceedings{zhang2015character,
  title={Character-level convolutional networks for text classification},
  author={Zhang, Xiang and Zhao, Junbo and LeCun, Yann},
  booktitle={Advances in neural information processing systems},
  pages={649--657},
  year={2015}
}

@article{hochreiter1997long,
  title={Long short-term memory},
  author={Hochreiter, Sepp and Schmidhuber, J{\"u}rgen},
  journal={Neural computation},
  volume={9},
  number={8},
  pages={1735--1780},
  year={1997},
  publisher={MIT Press}
}

@article{elman1990finding,
  title={Finding structure in time},
  author={Elman, Jeffrey L},
  journal={Cognitive science},
  volume={14},
  number={2},
  pages={179--211},
  year={1990},
  publisher={Wiley Online Library}
}

@article{cho2014learning,
  title={Learning phrase representations using RNN encoder-decoder for statistical machine translation},
  author={Cho, Kyunghyun and Van Merri{\"e}nboer, Bart and Gulcehre, Caglar and Bahdanau, Dzmitry and Bougares, Fethi and Schwenk, Holger and Bengio, Yoshua},
  journal={arXiv preprint arXiv:1406.1078},
  year={2014}
}

@article{schuster1997bidirectional,
  title={Bidirectional recurrent neural networks},
  author={Schuster, Mike and Paliwal, Kuldip K},
  journal={IEEE Transactions on Signal Processing},
  volume={45},
  number={11},
  pages={2673--2681},
  year={1997},
  publisher={IEEE}
}

@inproceedings{graves2013hybrid,
  title={Hybrid speech recognition with deep bidirectional LSTM},
  author={Graves, Alex and Jaitly, Navdeep and Mohamed, Abdel-rahman},
  booktitle={2013 IEEE workshop on automatic speech recognition and understanding},
  pages={273--278},
  year={2013},
  organization={IEEE}
}

@inproceedings{mnih2014recurrent,
  title={Recurrent models of visual attention},
  author={Mnih, Volodymyr and Heess, Nicolas and Graves, Alex and others},
  booktitle={Advances in neural information processing systems},
  pages={2204--2212},
  year={2014}
}

@article{bahdanau2014neural,
  title={Neural machine translation by jointly learning to align and translate},
  author={Bahdanau, Dzmitry and Cho, Kyunghyun and Bengio, Yoshua},
  journal={arXiv preprint arXiv:1409.0473},
  year={2014}
}

@inproceedings{vaswani2017attention,
  title={Attention is all you need},
  author={Vaswani, Ashish and Shazeer, Noam and Parmar, Niki and Uszkoreit, Jakob and Jones, Llion and Gomez, Aidan N and Kaiser, {\L}ukasz and Polosukhin, Illia},
  booktitle={Advances in Neural Information Processing Systems},
  pages={5998--6008},
  year={2017}
}

@article{luong2015effective,
  title={Effective approaches to attention-based neural machine translation},
  author={Luong, Minh-Thang and Pham, Hieu and Manning, Christopher D},
  journal={arXiv preprint arXiv:1508.04025},
  year={2015}
}

@article{graves2014neural,
  title={Neural turing machines},
  author={Graves, Alex and Wayne, Greg and Danihelka, Ivo},
  journal={arXiv preprint arXiv:1410.5401},
  year={2014}
}

@inproceedings{xu2015show,
  title={Show, attend and tell: Neural image caption generation with visual attention},
  author={Xu, Kelvin and Ba, Jimmy and Kiros, Ryan and Cho, Kyunghyun and Courville, Aaron and Salakhudinov, Ruslan and Zemel, Rich and Bengio, Yoshua},
  booktitle={International conference on machine learning},
  pages={2048--2057},
  year={2015}
}

@article{liu2012sentiment,
  title={Sentiment analysis and opinion mining},
  author={Liu, Bing},
  journal={Synthesis lectures on human language technologies},
  volume={5},
  number={1},
  pages={1--167},
  year={2012},
  publisher={Morgan \& Claypool Publishers}
}

%%%%%%%%%%%%%%%%%%%%%%%%%%%%%%%%%%%%%%%%%%%

@book{IEEE-1363,
  author =       {{IEEE Std 1363-2000}},
  title =        {{IEEE} Standard Specifications for Public-Key Cryptography},
  address =      {New York},
  publisher =    {IEEE},
  year =         2000
}

@inproceedings{kocher99,
  author =       {C. Kocher and J. Jaffe and B. Jun},
  title =        {Differential Power Analysis},
  editor =       {M. Wiener},
  booktitle =    {Advances in Cryptology ({CRYPTO}~'99)},
  series =       {Lecture Notes in Computer Science},
  volume =       1666,
  pages =        {388-397},
  publisher =    {Springer-Verlag},
  month =        {August},
  year =         1999
}

@incollection{Krasnogor2004e,
  author =       {N. Krasnogor},
  title =        {Towards robust memetic algorithms},
  booktitle =    {Recent Advances in Memetic Algorithms},
  publisher =    {Springer Berlin Heidelberg},
  year =         2004,
  pages =        {185-207},
  editor =       {W.E. Hart and N. Krasnogor and J.E. Smith},
  volume =       166,
  series =       {Studies in Fuzziness and Soft Computing},
  address =      {New York},
}

@incollection{zjsw,
  author =       {班固},
  title =        {苏武传},
  booktitle =    {传记散文英华},
  publisher =    {湖北人民出版社},
  year =         1998,
  pages =        {65-69},
  editor =       {郑在瀛 and 汪超宏 and 周文复},
  volume =       2,
  series =       {新古文观止丛书},
  address =      {武汉},
  language =     "chinese",
}

@inbook{clzs,
  author =       {阎真},
  title =        {沧浪之水},
  chapter =      {大人物还是讲人情的},
  pages =        {185-207},
  publisher =    {人民文学出版社},
  year =         2001,
  language =     "chinese",
}

@book{tex,
  author =       "Donald E. Knuth",
  title =        "The {\TeX} Book",
  publisher =    "Addison-Wesley Publishing Company",
  address =      "Reading, MA",
  year =         1989,
  edition =      "15th",
}

@book{companion,
  author =       "Michel Goosens and Frank Mittelbach and Alexander Samarin",
  title =        "The {\LaTeX} Companion",
  publisher =    "Addison-Wesley Publishing Company",
  address =      "Reading, MA",
  PAGES =        "112--125",
  year =         1994,
}

@article{ELIDRISSI94,
  author =       "{Chafik El Idrissi}, M. and {Roney}, A. and {Frigon}, C. and
                  {Larzilli{\`e}re}, M.",
  title =        "Measurements of total kinetic-energy released to the {$N=2$}
                  dissociation limit of {H}$_2$ --- evidence of the dissociation
                  of very high vibrational {R}ydberg states of {H}$_2$ by
                  doubly-excited states",
  journal =      "Chemical Physics Letters",
  pages =        "260-266",
  volume =       224,
  number =       10,
  year =         1994,
}

@article{MELLINGER96,
  author =       "Mellinger, A. and Vidal, C. R. and Jungen, Ch.",
  title =        "Laser reduced fluorescence study of the carbon-monoxide nd
                  triplet {R}ydberg series-experimental results and multichannel
                  quantum-defect analysis",
  journal =      "J. Chem. Phys.",
  pages =        "8913-8921",
  volume =       104,
  number =       5,
  year =         1996,
}

@article{SHELL02,
  author =       "Michael Shell",
  title =        "How to Use the {IEEEtran \LaTeX} Class",
  journal =      "Journal of {\LaTeX} Class Files",
  year =         2002,
  volume =       12,
  number =       4,
  pages =        "100--120"
}

@TechReport{NPB2,
  title =        {The {NAS} Parallel Benchmarks 2.0},
  author =       {Alex Woo and David Bailey and Maurice Yarrow and Wijngaart
                  Wijngaart and Tim Harris and William Saphir},
  year =         1995,
  month =        dec # "~05",
  institution =  "The Pennsylvania State University CiteSeer Archives",
  url =          "http://www.nasa.org/"
}

@inproceedings{DPMG,
  author =       {Kim, Sangbum and Woo, Namyoon and Yeom, Heon Y. and Park,
                  Taesoon and Park, Hyoungwoo},
  title =        {Design and {I}mplementation of {D}ynamic {P}rocess
                  {M}anagement for {G}rid-enabled {MPICH}},
  booktitle =    {the 10th European PVM/MPI Users' Group Conference},
  year =         2003,
  address =      {Venice, Italy},
  month =        sep,
}

@inproceedings{cnproceed,
  author =       {王重阳 and 黄药师 and 欧阳峰 and 洪七公 and 段皇帝},
  title =        {武林高手从入门到精通},
  booktitle =    {第~$N$~次华山论剑},
  year =         2006,
  address =      {西安, 中国},
  month =        sep,
  language =     "chinese",
}

@article{cnarticle,
  author =       "贾宝玉 and 林黛玉 and 薛宝钗 and 贾探春",
  title =        "论刘姥姥食量大如牛之现实意义",
  journal =      "红楼梦杂谈",
  pages =        "260--266",
  volume =       224,
  year =         1800,
  language =     "chinese",
}

@mastersthesis{zhubajie,
  author =       {猪八戒},
  title =        {论流体食物的持久保存},
  school =       {广寒宫大学},
  year =         2005,
  address =      {北京},
  language =     "chinese",
}

@phdthesis{shaheshang,
  author =       {沙和尚},
  title =        {论流沙河的综合治理},
  school =       {清华大学},
  year =         2005,
  address =      {北京},
  language =     "chinese",
}

@mastersthesis{metamori2004,
  author =       {Ashwin Raju Jeyakumar},
  title =        {Metamori: A library for Incremental File Checkpointing},
  school =       {Virgina Tech},
  year =         2004,
  month =        jun # "~21",
  address =      {Blacksburg},
}

@phdthesis{FistSystem01,
  author =       "Erez Zadok",
  title =        "{FiST: A System for Stackable File System Code Generation}",
  year =         2001,
  month =        "May",
  school =       "Computer Science Department, Columbia University",
  address =      "USA"
}

@inbook{ColdSources,
  author =       {P. Gr{\"o}ning and L. Nilsson and P. Ruffieux and R.
                  Clergereaux and O. Gr{\"o}ning},
  title =        {Encyclopedia of Nanoscience and Nanotechnology},
  pages =        {547--579},
  publisher =    {American Scientific Publishers},
  year =         2004,
  volume =       1,
}

@online{chuban2001,
  author =      {萧钰},
  title =       {出版业信息化迈入快车道},
  modifydate =  {2001-12-19},
  citedate =    {2002-04-15},
  url =         {http://www.creader.com/news/200112190019.htm},
  language =    "chinese",
}

@online{oclc2000,
  author =      {{Online Computer Library Center, Inc.}},
  title =       {History of {OCLC}},
  citedate =    {2000-01-08},
  url =         {http://www.oclc.org/about/history/default.htm},
}

@inproceedings{hazarika2018conversational,
  title={Conversational memory network for emotion recognition in dyadic dialogue videos},
  author={Hazarika, Devamanyu and Poria, Soujanya and Zadeh, Amir and Cambria, Erik and Morency, Louis-Philippe and Zimmermann, Roger},
  booktitle={Proceedings of the 2018 Conference of the North American Chapter of the Association for Computational Linguistics: Human Language Technologies, Volume 1 (Long Papers)},
  pages={2122--2132},
  year={2018}
}

@online{thuthesis,
  author =      {薛瑞尼},
  title =       {\thuthesis: 清华大学学位论文模板},
  citedate =    {2017-12-02},
  url =         {https://github.com/xueruini/thuthesis},
  language =    "chinese",
  year =        2017,
}
